<?xml version='1.0' encoding='UTF-8' standalone='yes'?>
<searchRetrieveResponse xmlns='http://www.loc.gov/zing/srw/' xmlns:ns2='http://www.loc.gov/zing/cql/xcql/' xmlns:ns4='http://www.loc.gov/zing/srw/update/' xmlns:ns3='http://www.loc.gov/zing/srw/diagnostic/'>
  <numberOfRecords>1</numberOfRecords>
  <resultSetId>default</resultSetId>
  <records>
    <record>
      <recordSchema>OPACXML</recordSchema>
      <recordPacking>xml</recordPacking>
      <recordData>
        <opacRecord xmlns='' xmlns:ns5='http://www.loc.gov/zing/srw/'>
          <bibliographicRecord>
            <record type='Bibliographic'>
              <leader>cam  Ii </leader>
              <controlfield tag='001'>1024083487</controlfield>
              <controlfield tag='008'>180222t20182018enk      b    001 0 eng d</controlfield>
              <datafield ind1=' ' ind2=' ' tag='040'>
                <subfield code='a'>NLGGC</subfield>
                <subfield code='b'>eng</subfield>
                <subfield code='e'>rda</subfield>
                <subfield code='c'>NLGGC</subfield>
                <subfield code='d'>ERASA</subfield>
                <subfield code='d'>OCLCQ</subfield>
                <subfield code='d'>QGJ</subfield>
                <subfield code='d'>GWL</subfield>
                <subfield code='d'>UKMGB</subfield>
                <subfield code='d'>OCL</subfield>
                <subfield code='d'>PLL</subfield>
              </datafield>
              <datafield ind1=' ' ind2=' ' tag='015'>
                <subfield code='a'>GBB8B2231</subfield>
                <subfield code='2'>bnb</subfield>
              </datafield>
              <datafield ind1='7' ind2=' ' tag='016'>
                <subfield code='a'>018914832</subfield>
                <subfield code='2'>Uk</subfield>
              </datafield>
              <datafield ind1=' ' ind2=' ' tag='020'>
                <subfield code='a'>9780198823964</subfield>
                <subfield code='q'>(hardback)</subfield>
              </datafield>
              <datafield ind1=' ' ind2=' ' tag='020'>
                <subfield code='a'>0198823967</subfield>
                <subfield code='q'>(hardback)</subfield>
              </datafield>
              <datafield ind1='0' ind2=' ' tag='029'>
                <subfield code='a'>NLGGC</subfield>
                <subfield code='b'>416773230</subfield>
              </datafield>
              <datafield ind1='1' ind2=' ' tag='029'>
                <subfield code='a'>UKMGB</subfield>
                <subfield code='b'>018914832</subfield>
              </datafield>
              <datafield ind1=' ' ind2='4' tag='050'>
                <subfield code='a'>KZA1120.3</subfield>
                <subfield code='b'>.I453 2018</subfield>
              </datafield>
              <datafield ind1='0' ind2='4' tag='082'>
                <subfield code='a'>341</subfield>
              </datafield>
              <datafield ind1='0' ind2='4' tag='245'>
                <subfield code='a'>The IMLI treatise on global ocean governance.</subfield>
                <subfield code='n'>Volume II,</subfield>
                <subfield code='p'>UN specialized agencies and global ocean governance /</subfield>
                <subfield code='c'>general academic coordinator and editor, David Joseph Attard ; academic coordinator, Malgosia Fitzmaurice ; editor, Alexandros XM Ntovas.</subfield>
              </datafield>
              <datafield ind1='3' ind2=' ' tag='246'>
                <subfield code='a'>UN specialized agencies and global ocean governance</subfield>
              </datafield>
              <datafield ind1=' ' ind2=' ' tag='250'>
                <subfield code='a'>First edition.</subfield>
              </datafield>
              <datafield ind1=' ' ind2='1' tag='264'>
                <subfield code='a'>Oxford, United Kingdom :</subfield>
                <subfield code='b'>Oxford University Press,</subfield>
                <subfield code='c'>2018.</subfield>
              </datafield>
              <datafield ind1=' ' ind2='4' tag='264'>
                <subfield code='c'>©2018</subfield>
              </datafield>
              <datafield ind1=' ' ind2=' ' tag='300'>
                <subfield code='a'>xlviii, 384 pages ;</subfield>
                <subfield code='c'>26 cm</subfield>
              </datafield>
              <datafield ind1=' ' ind2=' ' tag='336'>
                <subfield code='a'>text</subfield>
                <subfield code='b'>txt</subfield>
                <subfield code='2'>rdacontent</subfield>
              </datafield>
              <datafield ind1=' ' ind2=' ' tag='337'>
                <subfield code='a'>unmediated</subfield>
                <subfield code='b'>n</subfield>
                <subfield code='2'>rdamedia</subfield>
              </datafield>
              <datafield ind1=' ' ind2=' ' tag='338'>
                <subfield code='a'>volume</subfield>
                <subfield code='b'>nc</subfield>
                <subfield code='2'>rdacarrier</subfield>
              </datafield>
              <datafield ind1=' ' ind2=' ' tag='500'>
                <subfield code='a'>'Nippon Foundation'--Front cover.</subfield>
              </datafield>
              <datafield ind1=' ' ind2=' ' tag='504'>
                <subfield code='a'>Includes bibliographical references and index.</subfield>
              </datafield>
              <datafield ind1='0' ind2='0' tag='505'>
                <subfield code='t'>FAO and Ocean Governance /</subfield>
                <subfield code='r'>Tore Henriksen --</subfield>
                <subfield code='t'>Work of the UNESCO-IOC in Respect to Global Ocean Governance /</subfield>
                <subfield code='r'>Peter Ehlers --</subfield>
                <subfield code='t'>Work of the International Civil Aviation Organization in Respect to Global Ocean Governance /</subfield>
                <subfield code='r'>Gerasimos Rodotheatos --</subfield>
                <subfield code='t'>UNDP and Ocean Governance /</subfield>
                <subfield code='r'>Elizabeth A. Kirk --</subfield>
                <subfield code='t'>International Labour Organization and Ocean Governance : Setting out for Ithaca /</subfield>
                <subfield code='r'>George P. Politakis --</subfield>
                <subfield code='t'>Work of the International Monetary Fund and its Possible Relevance to Global Ocean Governance /</subfield>
                <subfield code='r'>Emmanuella Doussis --</subfield>
                <subfield code='t'>INMARSAT and the Modern International Mobile Satellite Organisation /</subfield>
                <subfield code='r'>Francis Lyall and Paul B. Larsen --</subfield>
                <subfield code='t'>UNEP Regional Seas Programme /</subfield>
                <subfield code='r'>Kanako Hasegawa and Elizabeth Mrema --</subfield>
                <subfield code='t'>UN World Tourism Organization and Global Ocean Governance /</subfield>
                <subfield code='r'>UNWTO Legal Department --</subfield>
                <subfield code='t'>Work of WIPO and its Possible Relevance for Global Ocean Governance /</subfield>
                <subfield code='r'>Claudio Chiarolla --</subfield>
                <subfield code='t'>Contribution of UNODC to Ocean Governance /</subfield>
                <subfield code='r'>Serena Forlati --</subfield>
                <subfield code='t'>Contribution of UNHCR to Ocean Governance /</subfield>
                <subfield code='r'>Seline Trevisanut --</subfield>
                <subfield code='t'>Healthy Oceans for Healthy Lives : The Contribution of the World Health Organization to Global Ocean Governance /</subfield>
                <subfield code='r'>Stefania Negri --</subfield>
                <subfield code='t'>Global Ocean Governance : The work of UNCTAD /</subfield>
                <subfield code='r'>Regina Asariotis, Graham Mott, Anila Premti, and David Vivas Eugui --</subfield>
                <subfield code='t'>Our Oceans our livelihoods : The World Bank and Oceans Governance /</subfield>
                <subfield code='r'>Meagan Wong and Olufemi Elias --</subfield>
                <subfield code='t'>Ethics of International Maritime Law and Ocean Governance /</subfield>
                <subfield code='r'>Marko Pavliha --</subfield>
                <subfield code='t'>Intergenerational Equity, Ocean Governance, and the United Nations /</subfield>
                <subfield code='r'>Malgosia Fitzmaurice.</subfield>
              </datafield>
              <datafield ind1=' ' ind2=' ' tag='520'>
                <subfield code='a'>The future of our oceans relies on an expansive legal framework. This second volume in a three part series considers autonomous organizations working inside the remit of the UN: are they ensuring sustainable development, are efforts adequately administrated, and how much co-ordination is there between different legal bodies?</subfield>
              </datafield>
              <datafield ind1='0' ind2='0' tag='630'>
                <subfield code='a'>United Nations Convention on the Law of the Sea</subfield>
                <subfield code='d'>(1982 December 10)</subfield>
              </datafield>
              <datafield ind1='2' ind2='0' tag='610'>
                <subfield code='a'>United Nations.</subfield>
              </datafield>
              <datafield ind1='2' ind2='7' tag='610'>
                <subfield code='a'>United Nations.</subfield>
                <subfield code='2'>fast</subfield>
                <subfield code='0'>(OCoLC)fst00530351</subfield>
              </datafield>
              <datafield ind1='0' ind2='7' tag='630'>
                <subfield code='a'>United Nations Convention on the Law of the Sea (1982 December 10)</subfield>
                <subfield code='2'>fast</subfield>
                <subfield code='0'>(OCoLC)fst01367377</subfield>
              </datafield>
              <datafield ind1=' ' ind2='7' tag='650'>
                <subfield code='a'>Maritime law.</subfield>
                <subfield code='2'>fast</subfield>
                <subfield code='0'>(OCoLC)fst01010102</subfield>
              </datafield>
              <datafield ind1=' ' ind2='0' tag='650'>
                <subfield code='a'>Law of the sea.</subfield>
              </datafield>
              <datafield ind1=' ' ind2='0' tag='650'>
                <subfield code='a'>Maritime law.</subfield>
              </datafield>
              <datafield ind1=' ' ind2='7' tag='650'>
                <subfield code='a'>Law of the sea.</subfield>
                <subfield code='2'>fast</subfield>
                <subfield code='0'>(OCoLC)fst00994049</subfield>
              </datafield>
              <datafield ind1='1' ind2=' ' tag='700'>
                <subfield code='a'>Attard, David Joseph,</subfield>
                <subfield code='e'>editor.</subfield>
              </datafield>
              <datafield ind1='1' ind2=' ' tag='700'>
                <subfield code='a'>Fitzmaurice, M.,</subfield>
                <subfield code='e'>editor.</subfield>
              </datafield>
              <datafield ind1='1' ind2=' ' tag='700'>
                <subfield code='a'>Ntovas, Alexandros XM,</subfield>
                <subfield code='e'>editor.</subfield>
              </datafield>
              <datafield ind1='2' ind2=' ' tag='710'>
                <subfield code='a'>IMO International Maritime Law Institute.</subfield>
              </datafield>
              <datafield ind1='2' ind2=' ' tag='710'>
                <subfield code='a'>Nihon Zaidan.</subfield>
              </datafield>
              <datafield ind1=' ' ind2=' ' tag='856'>
                <subfield code='u'>http://www.law.upenn.edu/library/about-the-library/collections/bookplates/</subfield>
                <subfield code='z'>Purchased with: Ballard Spahr Andrews &amp; Ingersoll Book Fund</subfield>
              </datafield>
              <datafield ind1=' ' ind2=' ' tag='938'>
                <subfield code='a'>Erasmus Boekhandel</subfield>
                <subfield code='b'>ERAA</subfield>
                <subfield code='n'>NTS0000284354</subfield>
              </datafield>
            </record>
          </bibliographicRecord>
          <holdings>
            <holding>
              <typeOfRecord>x</typeOfRecord>
              <encodingLevel>z</encodingLevel>
              <format>tu</format>
              <receiptAcqStatus>0</receiptAcqStatus>
              <generalRetention>0</generalRetention>
              <completeness>4</completeness>
              <dateOfReport>181211</dateOfReport>
              <nucCode>NLVRD</nucCode>
              <localLocation>NLVA</localLocation>
              <shelvingLocation>Closed Stacks (for loan)</shelvingLocation>
              <callNumber>X 6555</callNumber>
              <copyNumber>vol. 02</copyNumber>
              <volumes>
                <volume/>
              </volumes>
              <circulations>
                <circulation>
                  <availableNow value='1'/>
                  <itemId>09000006789441</itemId>
                  <renewable value='0'/>
                  <onHold value='0'/>
                </circulation>
              </circulations>
            </holding>
          </holdings>
          <holdQueueSize>0</holdQueueSize>
        </opacRecord>
      </recordData>
    </record>
  </records>
  <nextRecordPosition>1</nextRecordPosition>
</searchRetrieveResponse>      </pre>
